<?xml version="1.0" encoding="utf-8"?>
<record xmlns="http://www.loc.gov/MARC21/slim" xmlns:xsi="http://www.w3.org/2001/XMLSchema-instance" xsi:schemaLocation="http://www.loc.gov/MARC21/slim http://www.loc.gov/standards/marcxml/schema/MARC21slim.xsd">
	<leader>     nam a22     Mi 4500</leader>
	<controlfield tag="001">b13191056</controlfield>
	<controlfield tag="003">LeBAU</controlfield>
	<controlfield tag="006">m        d        </controlfield>
	<controlfield tag="007">cr cn |||m|||a</controlfield>
	<controlfield tag="008">210616m19241927le      o     ||0 0cara d</controlfield>
	<datafield ind1=" " ind2=" " tag="040">
		<subfield code="a">ZYU</subfield>
		<subfield code="b">ara</subfield>
		<subfield code="e">rda</subfield>
		<subfield code="c">ZYU</subfield>
	</datafield>
	<datafield ind1="0" ind2="4" tag="082">
		<subfield code="a">892.7109</subfield>
		<subfield code="2">23</subfield>
	</datafield>
	<datafield ind1="1" ind2=" " tag="100">
		<subfield code="6">880-01</subfield>
		<subfield code="a">Cheikho, Louis,</subfield>
		<subfield code="d">1859-1927.</subfield>
		<subfield code="e">author.</subfield>
		<subfield code="0">http://id.loc.gov/authorities/names/n82234894 ,</subfield>
	</datafield>
	<datafield ind1="0" ind2="0" tag="245">
		<subfield code="6">880-02</subfield>
		<subfield code="a">Kitāb Shuʻarāʼ al-Naṣrānīyah baʻda al-Islām.</subfield>
	</datafield>
	<datafield ind1="1" ind2="5" tag="246">
		<subfield code="a">Shuʻarāʼ al-Naṣrānīyah baʻda al-Islām</subfield>
	</datafield>
	<datafield ind1="3" ind2="0" tag="246">
		<subfield code="6">880-03</subfield>
		<subfield code="a">شعراء النصرانية بعد الإسلام</subfield>
	</datafield>
	<datafield ind1=" " ind2="1" tag="264">
		<subfield code="6">880-04</subfield>
		<subfield code="a">Bayrūt :</subfield>
		<subfield code="b">al-Maṭbaʻah al-Kathūlīkīyah lil-Abāʼ al-Yasūʻīyīn,</subfield>
		<subfield code="c">1924-1927.</subfield>
	</datafield>
	<datafield ind1=" " ind2=" " tag="300">
		<subfield code="6">880-05</subfield>
		<subfield code="a">online resource (1 volume (517 pages))</subfield>
	</datafield>
	<datafield ind1=" " ind2=" " tag="336">
		<subfield code="a">text</subfield>
		<subfield code="2">rdacontent</subfield>
	</datafield>
	<datafield ind1=" " ind2=" " tag="337">
		<subfield code="a">computer</subfield>
		<subfield code="2">rdamedia</subfield>
	</datafield>
	<datafield ind1=" " ind2=" " tag="338">
		<subfield code="a">online resource</subfield>
		<subfield code="2">rdacarrier</subfield>
	</datafield>
	<datafield ind1=" " ind2=" " tag="500">
		<subfield code="a">4 أجزاء ببليوغرافية في 1 جزء مادي.</subfield>
	</datafield>
	<datafield ind1=" " ind2=" " tag="500">
		<subfield code="a">&quot;قد بينا للأدباء سابقاً ما كان للنصرانية من السهم الوافي بين شعراء الجاهلية، وها نحن نتتبع آثار الشعراء النصارى الذين نبغوا بعد ظهور الإسلام مستندين في قولنا إلى أقدم تآليف العرب لاسيما مؤرخي المسلمين ومما تيسر لنا جمعه من مكاتب أوربّة ومصر ومن خزائن الخاصة في أنحاء الشرق لاسيما من مخطوطات مكتبتنا الشرقية ونباشر بذكر الذين اشتهروا في أول بزوغ الدين الإسلامي من المخضرمين وعلى الله الإتكال.&quot;</subfield>
	</datafield>
	<datafield ind1=" " ind2=" " tag="500">
		<subfield code="a">Part of the Arabic Collections Online (ACO) project, contributed by American University of Beirut's Jafet Memorial Library.</subfield>
	</datafield>
	<datafield ind1="0" ind2=" " tag="505">
		<subfield code="a">القسم الأول.  الشعراء المخضرمون: عثمان بن الحويرث --الحارث بن كلدة--أبو قيس صرمة الراهب --أكثم بن صيفي --عبد المسيح بن بقيلة --الحرقة هند بنت النعمان --الزبرقان بن بدر --عدي بن حاتم --سمعان بن هبيرة --النجاشي الحارثي --جحية بن المضرب الكندي --امرؤ القيس بن عابس --نائلة بنت الفرافصة زوجة الخليفة عثمان --ميسون بنت بخدل الكلبية --ابو زبيد الطائي --القسم الثاني. شعراء الدولة الأموية: هدبة بن الخشرم --موسى بن جابر --شمعلة التغلبي --أعشى بن تغلب --أعشى بن ربيعة --مرقس الطائي --نابغة بني شيبان --حنين الحيري الشاعر المغني-- الاخطل التغلبي --القطامي التغلبي --كعب بن جعيل --العديل بن الفرخ --العجاج بن روبة--القسم الثالث. من شعراء النصرانية: أبو قابوس --اسحق بن حنين --سعيد التستري --ابو الحسن بن غسان --الموصلي النصراني --يحيى بن عدي --ابو تمام الطائي --ثابت بن هارون --بشر بن هارون --عيسى بن فرخنشاه --ابن بطريق --ابن بطلان المتطبب --إبن أبي الخبر سلامة الدمشقي --جرجس الأنطاكي --أبو الفرج يحيى بن التلميذ --هبة الله بن التلميذ --محفوظ النيلي -- سعيد النيلي --إبن إصطفانوس الرومي --القس يعقوب المارداني --يحيى بن ماري --بنو مماتي النصارى الأقباط  --صاعد بن شماس --عون الراهب --ابن مرغر الاشبيلي --زبينا النصراني --ربيب النصراني --سعيد النصراني --العلاء بن الموصلايا --أبو نصر بن موصلايا --أبو غالب وأبو طاهر إبنا الأصباغي إبن نابي --إبن أبي سالم-- أبو الفتح بن صاعد --الأسعد بن عتال --إبن أبي الثناء إبن كاتب قيصر -- أخوه علم الدين إبن أبي الثناء --أبو الربيع سليمان المارداني -- رشيد الدين أبو حليقة --إبن مرتين --إبن زطينا --صاعد بن عيسى بن سمان --نصر الله الغفاري --ملحق بالشعراء المخضرمين --ملحق بالشعراء الأمويين --ملحق بالشعراء العباسيين --القسم الرابع. شعراء النصرانية بعد الإسلام: سليمان الغزي-- فخر الدين ابن مكانس --شاكر بن ريشا القبطي --يوسف بن رزق الله الموقع-- إبن القلاعي-- إبراهيم الأنطاكي-- عيسى الهزاز القوال-- ميخائيل حاتم القوال-- أنطونيوس فريجي اللبناني-- زجليون آخرون: القس جراسيم-- يوحنا بن المعري-- الخوري يوحنا نجل عيسى عويسات-- يوحنا بن سالم الدمشقي-- يوحنا السمين الحمصي-- الخوري يوسف عبود الحمصي-- عيسى ابن سالم-- موسى بن المعري-- القس ايليا-- عبد الله-- طيمثاوس كرنوك-- الراهب كامل نجيم الماروني-- المطران جرمانوس فرحات-- الخوري نيقولاوس الصائغ-- الشاعر إبراهيم الحكيم-- الشاعر انطون بيطار الحلبي-- مكرديج الكسيح --الشماس عبد الله زاخر --نعمة بن توما الحلبي --إبن إفرنجية.</subfield>
	</datafield>
	<datafield ind1=" " ind2=" " tag="533">
		<subfield code="a">Electronic reproduction.</subfield>
		<subfield code="b">New York, N.Y. :</subfield>
		<subfield code="c">New York University,</subfield>
		<subfield code="d">2021.</subfield>
		<subfield code="5">NNU</subfield>
	</datafield>
	<datafield ind1=" " ind2="4" tag="650">
		<subfield code="a">الشعراء العرب</subfield>
		<subfield code="v">تراجم.</subfield>
	</datafield>
	<datafield ind1=" " ind2="4" tag="650">
		<subfield code="a">الشعر العربي</subfield>
		<subfield code="x">المؤلفون المسيحيون.</subfield>
	</datafield>
	<datafield ind1=" " ind2="4" tag="650">
		<subfield code="a">الشعر العربي</subfield>
		<subfield code="x">تاريخ ونقد.</subfield>
	</datafield>
	<datafield ind1=" " ind2="0" tag="650">
		<subfield code="a">Poets, Arab</subfield>
		<subfield code="v">Biography.</subfield>
	</datafield>
	<datafield ind1=" " ind2="0" tag="650">
		<subfield code="a">Arabic poetry</subfield>
		<subfield code="x">Christian authors.</subfield>
	</datafield>
	<datafield ind1=" " ind2="0" tag="650">
		<subfield code="a">Arabic poetry</subfield>
		<subfield code="x">History and criticism.</subfield>
	</datafield>
	<datafield ind1="2" ind2=" " tag="710">
		<subfield code="a">Jafet Memorial Library.</subfield>
	</datafield>
	<datafield ind1="0" ind2=" " tag="730">
		<subfield code="a">Arabic Collections Online.</subfield>
	</datafield>
	<datafield ind1="0" ind2="8" tag="775">
		<subfield code="6">880-06</subfield>
		<subfield code="i">has designation of edition</subfield>
		<subfield code="4">http://rdaregistry.info/Elements/m/P30133 :</subfield>
		<subfield code="a">Cheikho, Louis, 1859-1927.</subfield>
		<subfield code="t">Shuʻarāʼ al-Naṣrānīyah baʻda al-Islām.</subfield>
		<subfield code="b">al-Ṭabʻah al-thāniyah.</subfield>
		<subfield code="d">Bayrūt : Dār al-Mashriq, 1967</subfield>
		<subfield code="w">(OCoLC)784574953</subfield>
		<subfield code="w">(OCoLC)784574953</subfield>
	</datafield>
	<datafield ind1="0" ind2="8" tag="775">
		<subfield code="6">880-07</subfield>
		<subfield code="i">has designation of edition</subfield>
		<subfield code="4">http://rdaregistry.info/Elements/m/P30133 :</subfield>
		<subfield code="a">Cheikho, Louis, 1859-1927.</subfield>
		<subfield code="t">Shuʻarāʼ al-Naṣrānīyah baʻda al-Islām.</subfield>
		<subfield code="b">al-Ṭabʻah al-thālithah.</subfield>
		<subfield code="d">Bayrūt : Dār al-Mashriq, 1982</subfield>
		<subfield code="w">(OCoLC)784574951</subfield>
		<subfield code="w">(OCoLC)784574951</subfield>
	</datafield>
	<datafield ind1="0" ind2="8" tag="776">
		<subfield code="i">Print version:</subfield>
		<subfield code="a">Cheikho, Louis, 1859-1927. author. http://id.loc.gov/authorities/names/n82234894 ,</subfield>
		<subfield code="t">Kitāb Shuʻarāʼ al-Naṣrānīyah baʻda al-Islām</subfield>
		<subfield code="w">(LeBAU)b13191056</subfield>
	</datafield>
	<datafield ind1="4" ind2="0" tag="856">
		<subfield code="u">http://hdl.handle.net/2333.1/jwstqw96</subfield>
	</datafield>
	<datafield ind1="1" ind2=" " tag="880">
		<subfield code="6">100-01</subfield>
		<subfield code="a">شيخو، لويس،</subfield>
		<subfield code="d">1859-1927،</subfield>
		<subfield code="0">http://id.loc.gov/authorities/names/n82234894 ,</subfield>
		<subfield code="e">مؤلف. </subfield>
		<subfield code="4">aut.</subfield>
	</datafield>
	<datafield ind1="1" ind2="0" tag="880">
		<subfield code="6">245-02</subfield>
		<subfield code="a">كتاب شعراء النصرانية بعد الإسلام.</subfield>
	</datafield>
	<datafield ind1="3" ind2="0" tag="880">
		<subfield code="6">246-03</subfield>
		<subfield code="a">Poètes Arabes Chrétiens</subfield>
	</datafield>
	<datafield ind1=" " ind2="1" tag="880">
		<subfield code="6">264-04</subfield>
		<subfield code="a">بيروت :</subfield>
		<subfield code="b">المطبعة الكاثوليكية للآباء اليسوعيين،</subfield>
		<subfield code="c">1924-1927.</subfield>
	</datafield>
	<datafield ind1=" " ind2=" " tag="880">
		<subfield code="6">300-05</subfield>
		<subfield code="a">1 جزء (517 صفحة) ؛</subfield>
		<subfield code="c">25 سم</subfield>
	</datafield>
	<datafield ind1="0" ind2="8" tag="880">
		<subfield code="6">775-06</subfield>
		<subfield code="i">دلالة على الطبعة</subfield>
		<subfield code="4">http://rdaregistry.info/Elements/m/P30133 :</subfield>
		<subfield code="a">شيخو، لويس، 1859-1927.</subfield>
		<subfield code="t">شعراء النصرانية بعد الاسلام.</subfield>
		<subfield code="b">الطبعة الثانية.</subfield>
		<subfield code="d">بيروت : دار المشرق، 1967</subfield>
		<subfield code="w">(LEAUB)b14109943</subfield>
		<subfield code="w">(OCoLC)784574953</subfield>
	</datafield>
	<datafield ind1="0" ind2="8" tag="880">
		<subfield code="6">775-07</subfield>
		<subfield code="i">دلالة على الطبعة</subfield>
		<subfield code="4">http://rdaregistry.info/Elements/m/P30133 :</subfield>
		<subfield code="a">شيخو، لويس، 1859-1927.</subfield>
		<subfield code="t">شعراء النصرانية بعد الإسلام.</subfield>
		<subfield code="b">الطبعة الثالثة.</subfield>
		<subfield code="d">بيروت : دار المشرق، 1982</subfield>
		<subfield code="w">(LEAUB)b14109360</subfield>
		<subfield code="w">(OCoLC)784574951</subfield>
	</datafield>
	<datafield ind1=" " ind2=" " tag="959">
		<subfield code="a">NNU</subfield>
		<subfield code="b">WEB</subfield>
		<subfield code="c">GENI</subfield>
		<subfield code="t">0</subfield>
		<subfield code="m">Electronic access</subfield>
		<subfield code="s">01</subfield>
	</datafield>
	<datafield ind1=" " ind2=" " tag="999">
		<subfield code="i">LeBAU_b13191056</subfield>
		<subfield code="s">aub_aco004677</subfield>
		<subfield code="e">(ERROR-880)(ERROR-MISC)</subfield>
	</datafield>
</record>
